%YAML 1.1
%TAG !u! tag:unity3d.com,2011:
--- !u!1 &1179813037590207067
GameObject:
  m_ObjectHideFlags: 0
  m_CorrespondingSourceObject: {fileID: 0}
  m_PrefabInstance: {fileID: 0}
  m_PrefabAsset: {fileID: 0}
  serializedVersion: 6
  m_Component:
  - component: {fileID: 1179813037590207066}
  - component: {fileID: 1179813037590207068}
  - component: {fileID: 1179813037590207069}
  - component: {fileID: 1179813037590207071}
  - component: {fileID: 1179813037590207070}
  m_Layer: 5
  m_Name: ItemBox
  m_TagString: Untagged
  m_Icon: {fileID: 0}
  m_NavMeshLayer: 0
  m_StaticEditorFlags: 0
  m_IsActive: 1
--- !u!224 &1179813037590207066
RectTransform:
  m_ObjectHideFlags: 0
  m_CorrespondingSourceObject: {fileID: 0}
  m_PrefabInstance: {fileID: 0}
  m_PrefabAsset: {fileID: 0}
  m_GameObject: {fileID: 1179813037590207067}
  m_LocalRotation: {x: 0, y: 0, z: 0, w: 1}
  m_LocalPosition: {x: 0, y: 0, z: 0}
  m_LocalScale: {x: 1, y: 1, z: 1}
  m_Children:
  - {fileID: 1053793613507238334}
  - {fileID: 1053793612383330169}
  - {fileID: 1053793612338050723}
  - {fileID: 1053793612971297522}
  - {fileID: 1053793613758182365}
  m_Father: {fileID: 0}
  m_RootOrder: 0
  m_LocalEulerAnglesHint: {x: 0, y: 0, z: 0}
  m_AnchorMin: {x: 0.5, y: 0}
  m_AnchorMax: {x: 0.5, y: 0}
  m_AnchoredPosition: {x: 0, y: 0}
  m_SizeDelta: {x: 720, y: 160}
  m_Pivot: {x: 0.5, y: 0}
--- !u!222 &1179813037590207068
CanvasRenderer:
  m_ObjectHideFlags: 0
  m_CorrespondingSourceObject: {fileID: 0}
  m_PrefabInstance: {fileID: 0}
  m_PrefabAsset: {fileID: 0}
  m_GameObject: {fileID: 1179813037590207067}
  m_CullTransparentMesh: 0
--- !u!114 &1179813037590207069
MonoBehaviour:
  m_ObjectHideFlags: 0
  m_CorrespondingSourceObject: {fileID: 0}
  m_PrefabInstance: {fileID: 0}
  m_PrefabAsset: {fileID: 0}
  m_GameObject: {fileID: 1179813037590207067}
  m_Enabled: 1
  m_EditorHideFlags: 0
  m_Script: {fileID: 11500000, guid: fe87c0e1cc204ed48ad3b37840f39efc, type: 3}
  m_Name: 
  m_EditorClassIdentifier: 
  m_Material: {fileID: 0}
  m_Color: {r: 0, g: 0, b: 0, a: 0.5803922}
  m_RaycastTarget: 1
  m_RaycastPadding: {x: 0, y: 0, z: 0, w: 0}
  m_Maskable: 1
  m_OnCullStateChanged:
    m_PersistentCalls:
      m_Calls: []
  m_Sprite: {fileID: 0}
  m_Type: 0
  m_PreserveAspect: 0
  m_FillCenter: 1
  m_FillMethod: 4
  m_FillAmount: 1
  m_FillClockwise: 1
  m_FillOrigin: 0
  m_UseSpriteMesh: 0
  m_PixelsPerUnitMultiplier: 1
--- !u!114 &1179813037590207071
MonoBehaviour:
  m_ObjectHideFlags: 0
  m_CorrespondingSourceObject: {fileID: 0}
  m_PrefabInstance: {fileID: 0}
  m_PrefabAsset: {fileID: 0}
  m_GameObject: {fileID: 1179813037590207067}
  m_Enabled: 1
  m_EditorHideFlags: 0
  m_Script: {fileID: 11500000, guid: 667f210d2a437f349887d7d4e8588ba8, type: 3}
  m_Name: 
  m_EditorClassIdentifier: 
  _slots:
  - {fileID: 1053793613507238335}
  - {fileID: 1053793612383330168}
  - {fileID: 1053793612338050722}
  - {fileID: 1053793612971297523}
  - {fileID: 1053793613758182364}
--- !u!114 &1179813037590207070
MonoBehaviour:
  m_ObjectHideFlags: 0
  m_CorrespondingSourceObject: {fileID: 0}
  m_PrefabInstance: {fileID: 0}
  m_PrefabAsset: {fileID: 0}
  m_GameObject: {fileID: 1179813037590207067}
  m_Enabled: 1
  m_EditorHideFlags: 0
  m_Script: {fileID: 11500000, guid: 30649d3a9faa99c48a7b1166b86bf2a0, type: 3}
  m_Name: 
  m_EditorClassIdentifier: 
  m_Padding:
    m_Left: 0
    m_Right: 0
    m_Top: 0
    m_Bottom: 0
  m_ChildAlignment: 4
  m_Spacing: 0
  m_ChildForceExpandWidth: 1
  m_ChildForceExpandHeight: 1
  m_ChildControlWidth: 0
  m_ChildControlHeight: 0
  m_ChildScaleWidth: 0
  m_ChildScaleHeight: 0
  m_ReverseArrangement: 0
--- !u!1001 &1179813035955022849
PrefabInstance:
  m_ObjectHideFlags: 0
  serializedVersion: 2
  m_Modification:
    m_TransformParent: {fileID: 1179813037590207066}
    m_Modifications:
    - target: {fileID: 2215869980276553120, guid: c1f7c1cd3346b004d9a9e4c44d1c0100,
        type: 3}
      propertyPath: m_Enabled
      value: 1
      objectReference: {fileID: 0}
    - target: {fileID: 2215869980276553121, guid: c1f7c1cd3346b004d9a9e4c44d1c0100,
        type: 3}
      propertyPath: m_OnClick.m_PersistentCalls.m_Calls.Array.size
      value: 1
      objectReference: {fileID: 0}
    - target: {fileID: 2215869980276553121, guid: c1f7c1cd3346b004d9a9e4c44d1c0100,
        type: 3}
      propertyPath: m_OnClick.m_PersistentCalls.m_Calls.Array.data[0].m_Mode
      value: 3
      objectReference: {fileID: 0}
    - target: {fileID: 2215869980276553121, guid: c1f7c1cd3346b004d9a9e4c44d1c0100,
        type: 3}
      propertyPath: m_OnClick.m_PersistentCalls.m_Calls.Array.data[0].m_Target
      value: 
      objectReference: {fileID: 1179813037590207071}
    - target: {fileID: 2215869980276553121, guid: c1f7c1cd3346b004d9a9e4c44d1c0100,
        type: 3}
      propertyPath: m_OnClick.m_PersistentCalls.m_Calls.Array.data[0].m_CallState
      value: 2
      objectReference: {fileID: 0}
    - target: {fileID: 2215869980276553121, guid: c1f7c1cd3346b004d9a9e4c44d1c0100,
        type: 3}
      propertyPath: m_OnClick.m_PersistentCalls.m_Calls.Array.data[0].m_MethodName
      value: OnSelectedSlot
      objectReference: {fileID: 0}
    - target: {fileID: 2215869980276553121, guid: c1f7c1cd3346b004d9a9e4c44d1c0100,
        type: 3}
      propertyPath: m_OnClick.m_PersistentCalls.m_Calls.Array.data[0].m_TargetAssemblyTypeName
      value: ItemBox, Assembly-CSharp
      objectReference: {fileID: 0}
    - target: {fileID: 2215869980276553121, guid: c1f7c1cd3346b004d9a9e4c44d1c0100,
        type: 3}
      propertyPath: m_OnClick.m_PersistentCalls.m_Calls.Array.data[0].m_Arguments.m_ObjectArgumentAssemblyTypeName
      value: UnityEngine.Object, UnityEngine
      objectReference: {fileID: 0}
    - target: {fileID: 2215869980276553148, guid: c1f7c1cd3346b004d9a9e4c44d1c0100,
        type: 3}
      propertyPath: m_Name
      value: Slot
      objectReference: {fileID: 0}
    - target: {fileID: 2215869980276553148, guid: c1f7c1cd3346b004d9a9e4c44d1c0100,
        type: 3}
      propertyPath: m_IsActive
      value: 1
      objectReference: {fileID: 0}
    - target: {fileID: 2215869980276553151, guid: c1f7c1cd3346b004d9a9e4c44d1c0100,
        type: 3}
      propertyPath: m_Pivot.x
      value: 0.5
      objectReference: {fileID: 0}
    - target: {fileID: 2215869980276553151, guid: c1f7c1cd3346b004d9a9e4c44d1c0100,
        type: 3}
      propertyPath: m_Pivot.y
      value: 0.5
      objectReference: {fileID: 0}
    - target: {fileID: 2215869980276553151, guid: c1f7c1cd3346b004d9a9e4c44d1c0100,
        type: 3}
      propertyPath: m_RootOrder
      value: 0
      objectReference: {fileID: 0}
    - target: {fileID: 2215869980276553151, guid: c1f7c1cd3346b004d9a9e4c44d1c0100,
        type: 3}
      propertyPath: m_AnchorMax.x
      value: 0
      objectReference: {fileID: 0}
    - target: {fileID: 2215869980276553151, guid: c1f7c1cd3346b004d9a9e4c44d1c0100,
        type: 3}
      propertyPath: m_AnchorMax.y
      value: 0
      objectReference: {fileID: 0}
    - target: {fileID: 2215869980276553151, guid: c1f7c1cd3346b004d9a9e4c44d1c0100,
        type: 3}
      propertyPath: m_AnchorMin.x
      value: 0
      objectReference: {fileID: 0}
    - target: {fileID: 2215869980276553151, guid: c1f7c1cd3346b004d9a9e4c44d1c0100,
        type: 3}
      propertyPath: m_AnchorMin.y
      value: 0
      objectReference: {fileID: 0}
    - target: {fileID: 2215869980276553151, guid: c1f7c1cd3346b004d9a9e4c44d1c0100,
        type: 3}
      propertyPath: m_SizeDelta.x
      value: 120
      objectReference: {fileID: 0}
    - target: {fileID: 2215869980276553151, guid: c1f7c1cd3346b004d9a9e4c44d1c0100,
        type: 3}
      propertyPath: m_SizeDelta.y
      value: 120
      objectReference: {fileID: 0}
    - target: {fileID: 2215869980276553151, guid: c1f7c1cd3346b004d9a9e4c44d1c0100,
        type: 3}
      propertyPath: m_LocalPosition.x
      value: 0
      objectReference: {fileID: 0}
    - target: {fileID: 2215869980276553151, guid: c1f7c1cd3346b004d9a9e4c44d1c0100,
        type: 3}
      propertyPath: m_LocalPosition.y
      value: 0
      objectReference: {fileID: 0}
    - target: {fileID: 2215869980276553151, guid: c1f7c1cd3346b004d9a9e4c44d1c0100,
        type: 3}
      propertyPath: m_LocalPosition.z
      value: 0
      objectReference: {fileID: 0}
    - target: {fileID: 2215869980276553151, guid: c1f7c1cd3346b004d9a9e4c44d1c0100,
        type: 3}
      propertyPath: m_LocalRotation.w
      value: 1
      objectReference: {fileID: 0}
    - target: {fileID: 2215869980276553151, guid: c1f7c1cd3346b004d9a9e4c44d1c0100,
        type: 3}
      propertyPath: m_LocalRotation.x
      value: -0
      objectReference: {fileID: 0}
    - target: {fileID: 2215869980276553151, guid: c1f7c1cd3346b004d9a9e4c44d1c0100,
        type: 3}
      propertyPath: m_LocalRotation.y
      value: -0
      objectReference: {fileID: 0}
    - target: {fileID: 2215869980276553151, guid: c1f7c1cd3346b004d9a9e4c44d1c0100,
        type: 3}
      propertyPath: m_LocalRotation.z
      value: -0
      objectReference: {fileID: 0}
    - target: {fileID: 2215869980276553151, guid: c1f7c1cd3346b004d9a9e4c44d1c0100,
        type: 3}
      propertyPath: m_AnchoredPosition.x
      value: 0
      objectReference: {fileID: 0}
    - target: {fileID: 2215869980276553151, guid: c1f7c1cd3346b004d9a9e4c44d1c0100,
        type: 3}
      propertyPath: m_AnchoredPosition.y
      value: 0
      objectReference: {fileID: 0}
    - target: {fileID: 2215869980276553151, guid: c1f7c1cd3346b004d9a9e4c44d1c0100,
        type: 3}
      propertyPath: m_LocalEulerAnglesHint.x
      value: 0
      objectReference: {fileID: 0}
    - target: {fileID: 2215869980276553151, guid: c1f7c1cd3346b004d9a9e4c44d1c0100,
        type: 3}
      propertyPath: m_LocalEulerAnglesHint.y
      value: 0
      objectReference: {fileID: 0}
    - target: {fileID: 2215869980276553151, guid: c1f7c1cd3346b004d9a9e4c44d1c0100,
        type: 3}
      propertyPath: m_LocalEulerAnglesHint.z
      value: 0
      objectReference: {fileID: 0}
    - target: {fileID: 2215869981097875150, guid: c1f7c1cd3346b004d9a9e4c44d1c0100,
        type: 3}
      propertyPath: m_SizeDelta.x
      value: 20
      objectReference: {fileID: 0}
    - target: {fileID: 2215869981097875150, guid: c1f7c1cd3346b004d9a9e4c44d1c0100,
        type: 3}
      propertyPath: m_SizeDelta.y
      value: 20
      objectReference: {fileID: 0}
    - target: {fileID: 2215869981097875150, guid: c1f7c1cd3346b004d9a9e4c44d1c0100,
        type: 3}
      propertyPath: m_AnchoredPosition.x
      value: 0
      objectReference: {fileID: 0}
    - target: {fileID: 2215869981097875150, guid: c1f7c1cd3346b004d9a9e4c44d1c0100,
        type: 3}
      propertyPath: m_AnchoredPosition.y
      value: 0
      objectReference: {fileID: 0}
    - target: {fileID: 2215869981097875151, guid: c1f7c1cd3346b004d9a9e4c44d1c0100,
        type: 3}
      propertyPath: m_IsActive
      value: 1
      objectReference: {fileID: 0}
    m_RemovedComponents: []
  m_SourcePrefab: {fileID: 100100000, guid: c1f7c1cd3346b004d9a9e4c44d1c0100, type: 3}
--- !u!224 &1053793613507238334 stripped
RectTransform:
  m_CorrespondingSourceObject: {fileID: 2215869980276553151, guid: c1f7c1cd3346b004d9a9e4c44d1c0100,
    type: 3}
  m_PrefabInstance: {fileID: 1179813035955022849}
  m_PrefabAsset: {fileID: 0}
--- !u!114 &1053793613507238335 stripped
MonoBehaviour:
  m_CorrespondingSourceObject: {fileID: 2215869980276553150, guid: c1f7c1cd3346b004d9a9e4c44d1c0100,
    type: 3}
  m_PrefabInstance: {fileID: 1179813035955022849}
  m_PrefabAsset: {fileID: 0}
  m_GameObject: {fileID: 0}
  m_Enabled: 1
  m_EditorHideFlags: 0
  m_Script: {fileID: 11500000, guid: 8c64211c7dd96ed4c9a7f3879dba0bbb, type: 3}
  m_Name: 
  m_EditorClassIdentifier: 
--- !u!1001 &1179813036206343778
PrefabInstance:
  m_ObjectHideFlags: 0
  serializedVersion: 2
  m_Modification:
    m_TransformParent: {fileID: 1179813037590207066}
    m_Modifications:
    - target: {fileID: 2215869980276553120, guid: c1f7c1cd3346b004d9a9e4c44d1c0100,
        type: 3}
      propertyPath: m_Enabled
      value: 1
      objectReference: {fileID: 0}
    - target: {fileID: 2215869980276553121, guid: c1f7c1cd3346b004d9a9e4c44d1c0100,
        type: 3}
      propertyPath: m_OnClick.m_PersistentCalls.m_Calls.Array.size
      value: 1
      objectReference: {fileID: 0}
    - target: {fileID: 2215869980276553121, guid: c1f7c1cd3346b004d9a9e4c44d1c0100,
        type: 3}
      propertyPath: m_OnClick.m_PersistentCalls.m_Calls.Array.data[0].m_Mode
      value: 3
      objectReference: {fileID: 0}
    - target: {fileID: 2215869980276553121, guid: c1f7c1cd3346b004d9a9e4c44d1c0100,
        type: 3}
      propertyPath: m_OnClick.m_PersistentCalls.m_Calls.Array.data[0].m_Target
      value: 
      objectReference: {fileID: 1179813037590207071}
    - target: {fileID: 2215869980276553121, guid: c1f7c1cd3346b004d9a9e4c44d1c0100,
        type: 3}
      propertyPath: m_OnClick.m_PersistentCalls.m_Calls.Array.data[0].m_CallState
      value: 2
      objectReference: {fileID: 0}
    - target: {fileID: 2215869980276553121, guid: c1f7c1cd3346b004d9a9e4c44d1c0100,
        type: 3}
      propertyPath: m_OnClick.m_PersistentCalls.m_Calls.Array.data[0].m_MethodName
      value: OnSelectedSlot
      objectReference: {fileID: 0}
    - target: {fileID: 2215869980276553121, guid: c1f7c1cd3346b004d9a9e4c44d1c0100,
        type: 3}
      propertyPath: m_OnClick.m_PersistentCalls.m_Calls.Array.data[0].m_TargetAssemblyTypeName
      value: ItemBox, Assembly-CSharp
      objectReference: {fileID: 0}
    - target: {fileID: 2215869980276553121, guid: c1f7c1cd3346b004d9a9e4c44d1c0100,
        type: 3}
      propertyPath: m_OnClick.m_PersistentCalls.m_Calls.Array.data[0].m_Arguments.m_IntArgument
      value: 4
      objectReference: {fileID: 0}
    - target: {fileID: 2215869980276553121, guid: c1f7c1cd3346b004d9a9e4c44d1c0100,
        type: 3}
      propertyPath: m_OnClick.m_PersistentCalls.m_Calls.Array.data[0].m_Arguments.m_ObjectArgumentAssemblyTypeName
      value: UnityEngine.Object, UnityEngine
      objectReference: {fileID: 0}
    - target: {fileID: 2215869980276553148, guid: c1f7c1cd3346b004d9a9e4c44d1c0100,
        type: 3}
      propertyPath: m_Name
      value: Slot (4)
      objectReference: {fileID: 0}
    - target: {fileID: 2215869980276553148, guid: c1f7c1cd3346b004d9a9e4c44d1c0100,
        type: 3}
      propertyPath: m_IsActive
      value: 1
      objectReference: {fileID: 0}
    - target: {fileID: 2215869980276553151, guid: c1f7c1cd3346b004d9a9e4c44d1c0100,
        type: 3}
      propertyPath: m_Pivot.x
      value: 0.5
      objectReference: {fileID: 0}
    - target: {fileID: 2215869980276553151, guid: c1f7c1cd3346b004d9a9e4c44d1c0100,
        type: 3}
      propertyPath: m_Pivot.y
      value: 0.5
      objectReference: {fileID: 0}
    - target: {fileID: 2215869980276553151, guid: c1f7c1cd3346b004d9a9e4c44d1c0100,
        type: 3}
      propertyPath: m_RootOrder
      value: 4
      objectReference: {fileID: 0}
    - target: {fileID: 2215869980276553151, guid: c1f7c1cd3346b004d9a9e4c44d1c0100,
        type: 3}
      propertyPath: m_AnchorMax.x
      value: 0
      objectReference: {fileID: 0}
    - target: {fileID: 2215869980276553151, guid: c1f7c1cd3346b004d9a9e4c44d1c0100,
        type: 3}
      propertyPath: m_AnchorMax.y
      value: 0
      objectReference: {fileID: 0}
    - target: {fileID: 2215869980276553151, guid: c1f7c1cd3346b004d9a9e4c44d1c0100,
        type: 3}
      propertyPath: m_AnchorMin.x
      value: 0
      objectReference: {fileID: 0}
    - target: {fileID: 2215869980276553151, guid: c1f7c1cd3346b004d9a9e4c44d1c0100,
        type: 3}
      propertyPath: m_AnchorMin.y
      value: 0
      objectReference: {fileID: 0}
    - target: {fileID: 2215869980276553151, guid: c1f7c1cd3346b004d9a9e4c44d1c0100,
        type: 3}
      propertyPath: m_SizeDelta.x
      value: 120
      objectReference: {fileID: 0}
    - target: {fileID: 2215869980276553151, guid: c1f7c1cd3346b004d9a9e4c44d1c0100,
        type: 3}
      propertyPath: m_SizeDelta.y
      value: 120
      objectReference: {fileID: 0}
    - target: {fileID: 2215869980276553151, guid: c1f7c1cd3346b004d9a9e4c44d1c0100,
        type: 3}
      propertyPath: m_LocalPosition.x
      value: 0
      objectReference: {fileID: 0}
    - target: {fileID: 2215869980276553151, guid: c1f7c1cd3346b004d9a9e4c44d1c0100,
        type: 3}
      propertyPath: m_LocalPosition.y
      value: 0
      objectReference: {fileID: 0}
    - target: {fileID: 2215869980276553151, guid: c1f7c1cd3346b004d9a9e4c44d1c0100,
        type: 3}
      propertyPath: m_LocalPosition.z
      value: 0
      objectReference: {fileID: 0}
    - target: {fileID: 2215869980276553151, guid: c1f7c1cd3346b004d9a9e4c44d1c0100,
        type: 3}
      propertyPath: m_LocalRotation.w
      value: 1
      objectReference: {fileID: 0}
    - target: {fileID: 2215869980276553151, guid: c1f7c1cd3346b004d9a9e4c44d1c0100,
        type: 3}
      propertyPath: m_LocalRotation.x
      value: -0
      objectReference: {fileID: 0}
    - target: {fileID: 2215869980276553151, guid: c1f7c1cd3346b004d9a9e4c44d1c0100,
        type: 3}
      propertyPath: m_LocalRotation.y
      value: -0
      objectReference: {fileID: 0}
    - target: {fileID: 2215869980276553151, guid: c1f7c1cd3346b004d9a9e4c44d1c0100,
        type: 3}
      propertyPath: m_LocalRotation.z
      value: -0
      objectReference: {fileID: 0}
    - target: {fileID: 2215869980276553151, guid: c1f7c1cd3346b004d9a9e4c44d1c0100,
        type: 3}
      propertyPath: m_AnchoredPosition.x
      value: 0
      objectReference: {fileID: 0}
    - target: {fileID: 2215869980276553151, guid: c1f7c1cd3346b004d9a9e4c44d1c0100,
        type: 3}
      propertyPath: m_AnchoredPosition.y
      value: 0
      objectReference: {fileID: 0}
    - target: {fileID: 2215869980276553151, guid: c1f7c1cd3346b004d9a9e4c44d1c0100,
        type: 3}
      propertyPath: m_LocalEulerAnglesHint.x
      value: 0
      objectReference: {fileID: 0}
    - target: {fileID: 2215869980276553151, guid: c1f7c1cd3346b004d9a9e4c44d1c0100,
        type: 3}
      propertyPath: m_LocalEulerAnglesHint.y
      value: 0
      objectReference: {fileID: 0}
    - target: {fileID: 2215869980276553151, guid: c1f7c1cd3346b004d9a9e4c44d1c0100,
        type: 3}
      propertyPath: m_LocalEulerAnglesHint.z
      value: 0
      objectReference: {fileID: 0}
    - target: {fileID: 2215869981097875150, guid: c1f7c1cd3346b004d9a9e4c44d1c0100,
        type: 3}
      propertyPath: m_SizeDelta.x
      value: 20
      objectReference: {fileID: 0}
    - target: {fileID: 2215869981097875150, guid: c1f7c1cd3346b004d9a9e4c44d1c0100,
        type: 3}
      propertyPath: m_SizeDelta.y
      value: 20
      objectReference: {fileID: 0}
    - target: {fileID: 2215869981097875150, guid: c1f7c1cd3346b004d9a9e4c44d1c0100,
        type: 3}
      propertyPath: m_AnchoredPosition.x
      value: 0
      objectReference: {fileID: 0}
    - target: {fileID: 2215869981097875150, guid: c1f7c1cd3346b004d9a9e4c44d1c0100,
        type: 3}
      propertyPath: m_AnchoredPosition.y
      value: 0
      objectReference: {fileID: 0}
    - target: {fileID: 2215869981097875151, guid: c1f7c1cd3346b004d9a9e4c44d1c0100,
        type: 3}
      propertyPath: m_IsActive
      value: 1
      objectReference: {fileID: 0}
    m_RemovedComponents: []
  m_SourcePrefab: {fileID: 100100000, guid: c1f7c1cd3346b004d9a9e4c44d1c0100, type: 3}
--- !u!224 &1053793613758182365 stripped
RectTransform:
  m_CorrespondingSourceObject: {fileID: 2215869980276553151, guid: c1f7c1cd3346b004d9a9e4c44d1c0100,
    type: 3}
  m_PrefabInstance: {fileID: 1179813036206343778}
  m_PrefabAsset: {fileID: 0}
--- !u!114 &1053793613758182364 stripped
MonoBehaviour:
  m_CorrespondingSourceObject: {fileID: 2215869980276553150, guid: c1f7c1cd3346b004d9a9e4c44d1c0100,
    type: 3}
  m_PrefabInstance: {fileID: 1179813036206343778}
  m_PrefabAsset: {fileID: 0}
  m_GameObject: {fileID: 0}
  m_Enabled: 1
  m_EditorHideFlags: 0
  m_Script: {fileID: 11500000, guid: 8c64211c7dd96ed4c9a7f3879dba0bbb, type: 3}
  m_Name: 
  m_EditorClassIdentifier: 
--- !u!1001 &1179813036989989660
PrefabInstance:
  m_ObjectHideFlags: 0
  serializedVersion: 2
  m_Modification:
    m_TransformParent: {fileID: 1179813037590207066}
    m_Modifications:
    - target: {fileID: 2215869980276553120, guid: c1f7c1cd3346b004d9a9e4c44d1c0100,
        type: 3}
      propertyPath: m_Enabled
      value: 1
      objectReference: {fileID: 0}
    - target: {fileID: 2215869980276553121, guid: c1f7c1cd3346b004d9a9e4c44d1c0100,
        type: 3}
      propertyPath: m_OnClick.m_PersistentCalls.m_Calls.Array.size
      value: 1
      objectReference: {fileID: 0}
    - target: {fileID: 2215869980276553121, guid: c1f7c1cd3346b004d9a9e4c44d1c0100,
        type: 3}
      propertyPath: m_OnClick.m_PersistentCalls.m_Calls.Array.data[0].m_Mode
      value: 3
      objectReference: {fileID: 0}
    - target: {fileID: 2215869980276553121, guid: c1f7c1cd3346b004d9a9e4c44d1c0100,
        type: 3}
      propertyPath: m_OnClick.m_PersistentCalls.m_Calls.Array.data[0].m_Target
      value: 
      objectReference: {fileID: 1179813037590207071}
    - target: {fileID: 2215869980276553121, guid: c1f7c1cd3346b004d9a9e4c44d1c0100,
        type: 3}
      propertyPath: m_OnClick.m_PersistentCalls.m_Calls.Array.data[0].m_CallState
      value: 2
      objectReference: {fileID: 0}
    - target: {fileID: 2215869980276553121, guid: c1f7c1cd3346b004d9a9e4c44d1c0100,
        type: 3}
      propertyPath: m_OnClick.m_PersistentCalls.m_Calls.Array.data[0].m_MethodName
      value: OnSelectedSlot
      objectReference: {fileID: 0}
    - target: {fileID: 2215869980276553121, guid: c1f7c1cd3346b004d9a9e4c44d1c0100,
        type: 3}
      propertyPath: m_OnClick.m_PersistentCalls.m_Calls.Array.data[0].m_TargetAssemblyTypeName
      value: ItemBox, Assembly-CSharp
      objectReference: {fileID: 0}
    - target: {fileID: 2215869980276553121, guid: c1f7c1cd3346b004d9a9e4c44d1c0100,
        type: 3}
      propertyPath: m_OnClick.m_PersistentCalls.m_Calls.Array.data[0].m_Arguments.m_IntArgument
      value: 2
      objectReference: {fileID: 0}
    - target: {fileID: 2215869980276553121, guid: c1f7c1cd3346b004d9a9e4c44d1c0100,
        type: 3}
      propertyPath: m_OnClick.m_PersistentCalls.m_Calls.Array.data[0].m_Arguments.m_ObjectArgumentAssemblyTypeName
      value: UnityEngine.Object, UnityEngine
      objectReference: {fileID: 0}
    - target: {fileID: 2215869980276553148, guid: c1f7c1cd3346b004d9a9e4c44d1c0100,
        type: 3}
      propertyPath: m_Name
      value: Slot (2)
      objectReference: {fileID: 0}
    - target: {fileID: 2215869980276553148, guid: c1f7c1cd3346b004d9a9e4c44d1c0100,
        type: 3}
      propertyPath: m_IsActive
      value: 1
      objectReference: {fileID: 0}
    - target: {fileID: 2215869980276553151, guid: c1f7c1cd3346b004d9a9e4c44d1c0100,
        type: 3}
      propertyPath: m_Pivot.x
      value: 0.5
      objectReference: {fileID: 0}
    - target: {fileID: 2215869980276553151, guid: c1f7c1cd3346b004d9a9e4c44d1c0100,
        type: 3}
      propertyPath: m_Pivot.y
      value: 0.5
      objectReference: {fileID: 0}
    - target: {fileID: 2215869980276553151, guid: c1f7c1cd3346b004d9a9e4c44d1c0100,
        type: 3}
      propertyPath: m_RootOrder
      value: 2
      objectReference: {fileID: 0}
    - target: {fileID: 2215869980276553151, guid: c1f7c1cd3346b004d9a9e4c44d1c0100,
        type: 3}
      propertyPath: m_AnchorMax.x
      value: 0
      objectReference: {fileID: 0}
    - target: {fileID: 2215869980276553151, guid: c1f7c1cd3346b004d9a9e4c44d1c0100,
        type: 3}
      propertyPath: m_AnchorMax.y
      value: 0
      objectReference: {fileID: 0}
    - target: {fileID: 2215869980276553151, guid: c1f7c1cd3346b004d9a9e4c44d1c0100,
        type: 3}
      propertyPath: m_AnchorMin.x
      value: 0
      objectReference: {fileID: 0}
    - target: {fileID: 2215869980276553151, guid: c1f7c1cd3346b004d9a9e4c44d1c0100,
        type: 3}
      propertyPath: m_AnchorMin.y
      value: 0
      objectReference: {fileID: 0}
    - target: {fileID: 2215869980276553151, guid: c1f7c1cd3346b004d9a9e4c44d1c0100,
        type: 3}
      propertyPath: m_SizeDelta.x
      value: 120
      objectReference: {fileID: 0}
    - target: {fileID: 2215869980276553151, guid: c1f7c1cd3346b004d9a9e4c44d1c0100,
        type: 3}
      propertyPath: m_SizeDelta.y
      value: 120
      objectReference: {fileID: 0}
    - target: {fileID: 2215869980276553151, guid: c1f7c1cd3346b004d9a9e4c44d1c0100,
        type: 3}
      propertyPath: m_LocalPosition.x
      value: 0
      objectReference: {fileID: 0}
    - target: {fileID: 2215869980276553151, guid: c1f7c1cd3346b004d9a9e4c44d1c0100,
        type: 3}
      propertyPath: m_LocalPosition.y
      value: 0
      objectReference: {fileID: 0}
    - target: {fileID: 2215869980276553151, guid: c1f7c1cd3346b004d9a9e4c44d1c0100,
        type: 3}
      propertyPath: m_LocalPosition.z
      value: 0
      objectReference: {fileID: 0}
    - target: {fileID: 2215869980276553151, guid: c1f7c1cd3346b004d9a9e4c44d1c0100,
        type: 3}
      propertyPath: m_LocalRotation.w
      value: 1
      objectReference: {fileID: 0}
    - target: {fileID: 2215869980276553151, guid: c1f7c1cd3346b004d9a9e4c44d1c0100,
        type: 3}
      propertyPath: m_LocalRotation.x
      value: -0
      objectReference: {fileID: 0}
    - target: {fileID: 2215869980276553151, guid: c1f7c1cd3346b004d9a9e4c44d1c0100,
        type: 3}
      propertyPath: m_LocalRotation.y
      value: -0
      objectReference: {fileID: 0}
    - target: {fileID: 2215869980276553151, guid: c1f7c1cd3346b004d9a9e4c44d1c0100,
        type: 3}
      propertyPath: m_LocalRotation.z
      value: -0
      objectReference: {fileID: 0}
    - target: {fileID: 2215869980276553151, guid: c1f7c1cd3346b004d9a9e4c44d1c0100,
        type: 3}
      propertyPath: m_AnchoredPosition.x
      value: 0
      objectReference: {fileID: 0}
    - target: {fileID: 2215869980276553151, guid: c1f7c1cd3346b004d9a9e4c44d1c0100,
        type: 3}
      propertyPath: m_AnchoredPosition.y
      value: 0
      objectReference: {fileID: 0}
    - target: {fileID: 2215869980276553151, guid: c1f7c1cd3346b004d9a9e4c44d1c0100,
        type: 3}
      propertyPath: m_LocalEulerAnglesHint.x
      value: 0
      objectReference: {fileID: 0}
    - target: {fileID: 2215869980276553151, guid: c1f7c1cd3346b004d9a9e4c44d1c0100,
        type: 3}
      propertyPath: m_LocalEulerAnglesHint.y
      value: 0
      objectReference: {fileID: 0}
    - target: {fileID: 2215869980276553151, guid: c1f7c1cd3346b004d9a9e4c44d1c0100,
        type: 3}
      propertyPath: m_LocalEulerAnglesHint.z
      value: 0
      objectReference: {fileID: 0}
    - target: {fileID: 2215869981097875150, guid: c1f7c1cd3346b004d9a9e4c44d1c0100,
        type: 3}
      propertyPath: m_SizeDelta.x
      value: 20
      objectReference: {fileID: 0}
    - target: {fileID: 2215869981097875150, guid: c1f7c1cd3346b004d9a9e4c44d1c0100,
        type: 3}
      propertyPath: m_SizeDelta.y
      value: 20
      objectReference: {fileID: 0}
    - target: {fileID: 2215869981097875150, guid: c1f7c1cd3346b004d9a9e4c44d1c0100,
        type: 3}
      propertyPath: m_AnchoredPosition.x
      value: 0
      objectReference: {fileID: 0}
    - target: {fileID: 2215869981097875150, guid: c1f7c1cd3346b004d9a9e4c44d1c0100,
        type: 3}
      propertyPath: m_AnchoredPosition.y
      value: 0
      objectReference: {fileID: 0}
    - target: {fileID: 2215869981097875151, guid: c1f7c1cd3346b004d9a9e4c44d1c0100,
        type: 3}
      propertyPath: m_IsActive
      value: 1
      objectReference: {fileID: 0}
    m_RemovedComponents: []
  m_SourcePrefab: {fileID: 100100000, guid: c1f7c1cd3346b004d9a9e4c44d1c0100, type: 3}
--- !u!224 &1053793612338050723 stripped
RectTransform:
  m_CorrespondingSourceObject: {fileID: 2215869980276553151, guid: c1f7c1cd3346b004d9a9e4c44d1c0100,
    type: 3}
  m_PrefabInstance: {fileID: 1179813036989989660}
  m_PrefabAsset: {fileID: 0}
--- !u!114 &1053793612338050722 stripped
MonoBehaviour:
  m_CorrespondingSourceObject: {fileID: 2215869980276553150, guid: c1f7c1cd3346b004d9a9e4c44d1c0100,
    type: 3}
  m_PrefabInstance: {fileID: 1179813036989989660}
  m_PrefabAsset: {fileID: 0}
  m_GameObject: {fileID: 0}
  m_Enabled: 1
  m_EditorHideFlags: 0
  m_Script: {fileID: 11500000, guid: 8c64211c7dd96ed4c9a7f3879dba0bbb, type: 3}
  m_Name: 
  m_EditorClassIdentifier: 
--- !u!1001 &1179813037045639878
PrefabInstance:
  m_ObjectHideFlags: 0
  serializedVersion: 2
  m_Modification:
    m_TransformParent: {fileID: 1179813037590207066}
    m_Modifications:
    - target: {fileID: 2215869980276553120, guid: c1f7c1cd3346b004d9a9e4c44d1c0100,
        type: 3}
      propertyPath: m_Enabled
      value: 1
      objectReference: {fileID: 0}
    - target: {fileID: 2215869980276553121, guid: c1f7c1cd3346b004d9a9e4c44d1c0100,
        type: 3}
      propertyPath: m_OnClick.m_PersistentCalls.m_Calls.Array.size
      value: 1
      objectReference: {fileID: 0}
    - target: {fileID: 2215869980276553121, guid: c1f7c1cd3346b004d9a9e4c44d1c0100,
        type: 3}
      propertyPath: m_OnClick.m_PersistentCalls.m_Calls.Array.data[0].m_Mode
      value: 3
      objectReference: {fileID: 0}
    - target: {fileID: 2215869980276553121, guid: c1f7c1cd3346b004d9a9e4c44d1c0100,
        type: 3}
      propertyPath: m_OnClick.m_PersistentCalls.m_Calls.Array.data[0].m_Target
      value: 
      objectReference: {fileID: 1179813037590207071}
    - target: {fileID: 2215869980276553121, guid: c1f7c1cd3346b004d9a9e4c44d1c0100,
        type: 3}
      propertyPath: m_OnClick.m_PersistentCalls.m_Calls.Array.data[0].m_CallState
      value: 2
      objectReference: {fileID: 0}
    - target: {fileID: 2215869980276553121, guid: c1f7c1cd3346b004d9a9e4c44d1c0100,
        type: 3}
      propertyPath: m_OnClick.m_PersistentCalls.m_Calls.Array.data[0].m_MethodName
      value: OnSelectedSlot
      objectReference: {fileID: 0}
    - target: {fileID: 2215869980276553121, guid: c1f7c1cd3346b004d9a9e4c44d1c0100,
        type: 3}
      propertyPath: m_OnClick.m_PersistentCalls.m_Calls.Array.data[0].m_TargetAssemblyTypeName
      value: ItemBox, Assembly-CSharp
      objectReference: {fileID: 0}
    - target: {fileID: 2215869980276553121, guid: c1f7c1cd3346b004d9a9e4c44d1c0100,
        type: 3}
      propertyPath: m_OnClick.m_PersistentCalls.m_Calls.Array.data[0].m_Arguments.m_IntArgument
      value: 1
      objectReference: {fileID: 0}
    - target: {fileID: 2215869980276553121, guid: c1f7c1cd3346b004d9a9e4c44d1c0100,
        type: 3}
      propertyPath: m_OnClick.m_PersistentCalls.m_Calls.Array.data[0].m_Arguments.m_ObjectArgumentAssemblyTypeName
      value: UnityEngine.Object, UnityEngine
      objectReference: {fileID: 0}
    - target: {fileID: 2215869980276553148, guid: c1f7c1cd3346b004d9a9e4c44d1c0100,
        type: 3}
      propertyPath: m_Name
      value: Slot (1)
      objectReference: {fileID: 0}
    - target: {fileID: 2215869980276553148, guid: c1f7c1cd3346b004d9a9e4c44d1c0100,
        type: 3}
      propertyPath: m_IsActive
      value: 1
      objectReference: {fileID: 0}
    - target: {fileID: 2215869980276553151, guid: c1f7c1cd3346b004d9a9e4c44d1c0100,
        type: 3}
      propertyPath: m_Pivot.x
      value: 0.5
      objectReference: {fileID: 0}
    - target: {fileID: 2215869980276553151, guid: c1f7c1cd3346b004d9a9e4c44d1c0100,
        type: 3}
      propertyPath: m_Pivot.y
      value: 0.5
      objectReference: {fileID: 0}
    - target: {fileID: 2215869980276553151, guid: c1f7c1cd3346b004d9a9e4c44d1c0100,
        type: 3}
      propertyPath: m_RootOrder
      value: 1
      objectReference: {fileID: 0}
    - target: {fileID: 2215869980276553151, guid: c1f7c1cd3346b004d9a9e4c44d1c0100,
        type: 3}
      propertyPath: m_AnchorMax.x
      value: 0
      objectReference: {fileID: 0}
    - target: {fileID: 2215869980276553151, guid: c1f7c1cd3346b004d9a9e4c44d1c0100,
        type: 3}
      propertyPath: m_AnchorMax.y
      value: 0
      objectReference: {fileID: 0}
    - target: {fileID: 2215869980276553151, guid: c1f7c1cd3346b004d9a9e4c44d1c0100,
        type: 3}
      propertyPath: m_AnchorMin.x
      value: 0
      objectReference: {fileID: 0}
    - target: {fileID: 2215869980276553151, guid: c1f7c1cd3346b004d9a9e4c44d1c0100,
        type: 3}
      propertyPath: m_AnchorMin.y
      value: 0
      objectReference: {fileID: 0}
    - target: {fileID: 2215869980276553151, guid: c1f7c1cd3346b004d9a9e4c44d1c0100,
        type: 3}
      propertyPath: m_SizeDelta.x
      value: 120
      objectReference: {fileID: 0}
    - target: {fileID: 2215869980276553151, guid: c1f7c1cd3346b004d9a9e4c44d1c0100,
        type: 3}
      propertyPath: m_SizeDelta.y
      value: 120
      objectReference: {fileID: 0}
    - target: {fileID: 2215869980276553151, guid: c1f7c1cd3346b004d9a9e4c44d1c0100,
        type: 3}
      propertyPath: m_LocalPosition.x
      value: 0
      objectReference: {fileID: 0}
    - target: {fileID: 2215869980276553151, guid: c1f7c1cd3346b004d9a9e4c44d1c0100,
        type: 3}
      propertyPath: m_LocalPosition.y
      value: 0
      objectReference: {fileID: 0}
    - target: {fileID: 2215869980276553151, guid: c1f7c1cd3346b004d9a9e4c44d1c0100,
        type: 3}
      propertyPath: m_LocalPosition.z
      value: 0
      objectReference: {fileID: 0}
    - target: {fileID: 2215869980276553151, guid: c1f7c1cd3346b004d9a9e4c44d1c0100,
        type: 3}
      propertyPath: m_LocalRotation.w
      value: 1
      objectReference: {fileID: 0}
    - target: {fileID: 2215869980276553151, guid: c1f7c1cd3346b004d9a9e4c44d1c0100,
        type: 3}
      propertyPath: m_LocalRotation.x
      value: -0
      objectReference: {fileID: 0}
    - target: {fileID: 2215869980276553151, guid: c1f7c1cd3346b004d9a9e4c44d1c0100,
        type: 3}
      propertyPath: m_LocalRotation.y
      value: -0
      objectReference: {fileID: 0}
    - target: {fileID: 2215869980276553151, guid: c1f7c1cd3346b004d9a9e4c44d1c0100,
        type: 3}
      propertyPath: m_LocalRotation.z
      value: -0
      objectReference: {fileID: 0}
    - target: {fileID: 2215869980276553151, guid: c1f7c1cd3346b004d9a9e4c44d1c0100,
        type: 3}
      propertyPath: m_AnchoredPosition.x
      value: 0
      objectReference: {fileID: 0}
    - target: {fileID: 2215869980276553151, guid: c1f7c1cd3346b004d9a9e4c44d1c0100,
        type: 3}
      propertyPath: m_AnchoredPosition.y
      value: 0
      objectReference: {fileID: 0}
    - target: {fileID: 2215869980276553151, guid: c1f7c1cd3346b004d9a9e4c44d1c0100,
        type: 3}
      propertyPath: m_LocalEulerAnglesHint.x
      value: 0
      objectReference: {fileID: 0}
    - target: {fileID: 2215869980276553151, guid: c1f7c1cd3346b004d9a9e4c44d1c0100,
        type: 3}
      propertyPath: m_LocalEulerAnglesHint.y
      value: 0
      objectReference: {fileID: 0}
    - target: {fileID: 2215869980276553151, guid: c1f7c1cd3346b004d9a9e4c44d1c0100,
        type: 3}
      propertyPath: m_LocalEulerAnglesHint.z
      value: 0
      objectReference: {fileID: 0}
    - target: {fileID: 2215869981097875150, guid: c1f7c1cd3346b004d9a9e4c44d1c0100,
        type: 3}
      propertyPath: m_SizeDelta.x
      value: 20
      objectReference: {fileID: 0}
    - target: {fileID: 2215869981097875150, guid: c1f7c1cd3346b004d9a9e4c44d1c0100,
        type: 3}
      propertyPath: m_SizeDelta.y
      value: 20
      objectReference: {fileID: 0}
    - target: {fileID: 2215869981097875150, guid: c1f7c1cd3346b004d9a9e4c44d1c0100,
        type: 3}
      propertyPath: m_AnchoredPosition.x
      value: 0
      objectReference: {fileID: 0}
    - target: {fileID: 2215869981097875150, guid: c1f7c1cd3346b004d9a9e4c44d1c0100,
        type: 3}
      propertyPath: m_AnchoredPosition.y
      value: 0
      objectReference: {fileID: 0}
    - target: {fileID: 2215869981097875151, guid: c1f7c1cd3346b004d9a9e4c44d1c0100,
        type: 3}
      propertyPath: m_IsActive
      value: 1
      objectReference: {fileID: 0}
    m_RemovedComponents: []
  m_SourcePrefab: {fileID: 100100000, guid: c1f7c1cd3346b004d9a9e4c44d1c0100, type: 3}
--- !u!224 &1053793612383330169 stripped
RectTransform:
  m_CorrespondingSourceObject: {fileID: 2215869980276553151, guid: c1f7c1cd3346b004d9a9e4c44d1c0100,
    type: 3}
  m_PrefabInstance: {fileID: 1179813037045639878}
  m_PrefabAsset: {fileID: 0}
--- !u!114 &1053793612383330168 stripped
MonoBehaviour:
  m_CorrespondingSourceObject: {fileID: 2215869980276553150, guid: c1f7c1cd3346b004d9a9e4c44d1c0100,
    type: 3}
  m_PrefabInstance: {fileID: 1179813037045639878}
  m_PrefabAsset: {fileID: 0}
  m_GameObject: {fileID: 0}
  m_Enabled: 1
  m_EditorHideFlags: 0
  m_Script: {fileID: 11500000, guid: 8c64211c7dd96ed4c9a7f3879dba0bbb, type: 3}
  m_Name: 
  m_EditorClassIdentifier: 
--- !u!1001 &1179813037564968781
PrefabInstance:
  m_ObjectHideFlags: 0
  serializedVersion: 2
  m_Modification:
    m_TransformParent: {fileID: 1179813037590207066}
    m_Modifications:
    - target: {fileID: 2215869980276553120, guid: c1f7c1cd3346b004d9a9e4c44d1c0100,
        type: 3}
      propertyPath: m_Enabled
      value: 1
      objectReference: {fileID: 0}
    - target: {fileID: 2215869980276553121, guid: c1f7c1cd3346b004d9a9e4c44d1c0100,
        type: 3}
      propertyPath: m_OnClick.m_PersistentCalls.m_Calls.Array.size
      value: 1
      objectReference: {fileID: 0}
    - target: {fileID: 2215869980276553121, guid: c1f7c1cd3346b004d9a9e4c44d1c0100,
        type: 3}
      propertyPath: m_OnClick.m_PersistentCalls.m_Calls.Array.data[0].m_Mode
      value: 3
      objectReference: {fileID: 0}
    - target: {fileID: 2215869980276553121, guid: c1f7c1cd3346b004d9a9e4c44d1c0100,
        type: 3}
      propertyPath: m_OnClick.m_PersistentCalls.m_Calls.Array.data[0].m_Target
      value: 
      objectReference: {fileID: 1179813037590207071}
    - target: {fileID: 2215869980276553121, guid: c1f7c1cd3346b004d9a9e4c44d1c0100,
        type: 3}
      propertyPath: m_OnClick.m_PersistentCalls.m_Calls.Array.data[0].m_CallState
      value: 2
      objectReference: {fileID: 0}
    - target: {fileID: 2215869980276553121, guid: c1f7c1cd3346b004d9a9e4c44d1c0100,
        type: 3}
      propertyPath: m_OnClick.m_PersistentCalls.m_Calls.Array.data[0].m_MethodName
      value: OnSelectedSlot
      objectReference: {fileID: 0}
    - target: {fileID: 2215869980276553121, guid: c1f7c1cd3346b004d9a9e4c44d1c0100,
        type: 3}
      propertyPath: m_OnClick.m_PersistentCalls.m_Calls.Array.data[0].m_TargetAssemblyTypeName
      value: ItemBox, Assembly-CSharp
      objectReference: {fileID: 0}
    - target: {fileID: 2215869980276553121, guid: c1f7c1cd3346b004d9a9e4c44d1c0100,
        type: 3}
      propertyPath: m_OnClick.m_PersistentCalls.m_Calls.Array.data[0].m_Arguments.m_IntArgument
      value: 3
      objectReference: {fileID: 0}
    - target: {fileID: 2215869980276553121, guid: c1f7c1cd3346b004d9a9e4c44d1c0100,
        type: 3}
      propertyPath: m_OnClick.m_PersistentCalls.m_Calls.Array.data[0].m_Arguments.m_ObjectArgumentAssemblyTypeName
      value: UnityEngine.Object, UnityEngine
      objectReference: {fileID: 0}
    - target: {fileID: 2215869980276553148, guid: c1f7c1cd3346b004d9a9e4c44d1c0100,
        type: 3}
      propertyPath: m_Name
      value: Slot (3)
      objectReference: {fileID: 0}
    - target: {fileID: 2215869980276553148, guid: c1f7c1cd3346b004d9a9e4c44d1c0100,
        type: 3}
      propertyPath: m_IsActive
      value: 1
      objectReference: {fileID: 0}
    - target: {fileID: 2215869980276553151, guid: c1f7c1cd3346b004d9a9e4c44d1c0100,
        type: 3}
      propertyPath: m_Pivot.x
      value: 0.5
      objectReference: {fileID: 0}
    - target: {fileID: 2215869980276553151, guid: c1f7c1cd3346b004d9a9e4c44d1c0100,
        type: 3}
      propertyPath: m_Pivot.y
      value: 0.5
      objectReference: {fileID: 0}
    - target: {fileID: 2215869980276553151, guid: c1f7c1cd3346b004d9a9e4c44d1c0100,
        type: 3}
      propertyPath: m_RootOrder
      value: 3
      objectReference: {fileID: 0}
    - target: {fileID: 2215869980276553151, guid: c1f7c1cd3346b004d9a9e4c44d1c0100,
        type: 3}
      propertyPath: m_AnchorMax.x
      value: 0
      objectReference: {fileID: 0}
    - target: {fileID: 2215869980276553151, guid: c1f7c1cd3346b004d9a9e4c44d1c0100,
        type: 3}
      propertyPath: m_AnchorMax.y
      value: 0
      objectReference: {fileID: 0}
    - target: {fileID: 2215869980276553151, guid: c1f7c1cd3346b004d9a9e4c44d1c0100,
        type: 3}
      propertyPath: m_AnchorMin.x
      value: 0
      objectReference: {fileID: 0}
    - target: {fileID: 2215869980276553151, guid: c1f7c1cd3346b004d9a9e4c44d1c0100,
        type: 3}
      propertyPath: m_AnchorMin.y
      value: 0
      objectReference: {fileID: 0}
    - target: {fileID: 2215869980276553151, guid: c1f7c1cd3346b004d9a9e4c44d1c0100,
        type: 3}
      propertyPath: m_SizeDelta.x
      value: 120
      objectReference: {fileID: 0}
    - target: {fileID: 2215869980276553151, guid: c1f7c1cd3346b004d9a9e4c44d1c0100,
        type: 3}
      propertyPath: m_SizeDelta.y
      value: 120
      objectReference: {fileID: 0}
    - target: {fileID: 2215869980276553151, guid: c1f7c1cd3346b004d9a9e4c44d1c0100,
        type: 3}
      propertyPath: m_LocalPosition.x
      value: 0
      objectReference: {fileID: 0}
    - target: {fileID: 2215869980276553151, guid: c1f7c1cd3346b004d9a9e4c44d1c0100,
        type: 3}
      propertyPath: m_LocalPosition.y
      value: 0
      objectReference: {fileID: 0}
    - target: {fileID: 2215869980276553151, guid: c1f7c1cd3346b004d9a9e4c44d1c0100,
        type: 3}
      propertyPath: m_LocalPosition.z
      value: 0
      objectReference: {fileID: 0}
    - target: {fileID: 2215869980276553151, guid: c1f7c1cd3346b004d9a9e4c44d1c0100,
        type: 3}
      propertyPath: m_LocalRotation.w
      value: 1
      objectReference: {fileID: 0}
    - target: {fileID: 2215869980276553151, guid: c1f7c1cd3346b004d9a9e4c44d1c0100,
        type: 3}
      propertyPath: m_LocalRotation.x
      value: -0
      objectReference: {fileID: 0}
    - target: {fileID: 2215869980276553151, guid: c1f7c1cd3346b004d9a9e4c44d1c0100,
        type: 3}
      propertyPath: m_LocalRotation.y
      value: -0
      objectReference: {fileID: 0}
    - target: {fileID: 2215869980276553151, guid: c1f7c1cd3346b004d9a9e4c44d1c0100,
        type: 3}
      propertyPath: m_LocalRotation.z
      value: -0
      objectReference: {fileID: 0}
    - target: {fileID: 2215869980276553151, guid: c1f7c1cd3346b004d9a9e4c44d1c0100,
        type: 3}
      propertyPath: m_AnchoredPosition.x
      value: 0
      objectReference: {fileID: 0}
    - target: {fileID: 2215869980276553151, guid: c1f7c1cd3346b004d9a9e4c44d1c0100,
        type: 3}
      propertyPath: m_AnchoredPosition.y
      value: 0
      objectReference: {fileID: 0}
    - target: {fileID: 2215869980276553151, guid: c1f7c1cd3346b004d9a9e4c44d1c0100,
        type: 3}
      propertyPath: m_LocalEulerAnglesHint.x
      value: 0
      objectReference: {fileID: 0}
    - target: {fileID: 2215869980276553151, guid: c1f7c1cd3346b004d9a9e4c44d1c0100,
        type: 3}
      propertyPath: m_LocalEulerAnglesHint.y
      value: 0
      objectReference: {fileID: 0}
    - target: {fileID: 2215869980276553151, guid: c1f7c1cd3346b004d9a9e4c44d1c0100,
        type: 3}
      propertyPath: m_LocalEulerAnglesHint.z
      value: 0
      objectReference: {fileID: 0}
    - target: {fileID: 2215869981097875150, guid: c1f7c1cd3346b004d9a9e4c44d1c0100,
        type: 3}
      propertyPath: m_SizeDelta.x
      value: 20
      objectReference: {fileID: 0}
    - target: {fileID: 2215869981097875150, guid: c1f7c1cd3346b004d9a9e4c44d1c0100,
        type: 3}
      propertyPath: m_SizeDelta.y
      value: 20
      objectReference: {fileID: 0}
    - target: {fileID: 2215869981097875150, guid: c1f7c1cd3346b004d9a9e4c44d1c0100,
        type: 3}
      propertyPath: m_AnchoredPosition.x
      value: 0
      objectReference: {fileID: 0}
    - target: {fileID: 2215869981097875150, guid: c1f7c1cd3346b004d9a9e4c44d1c0100,
        type: 3}
      propertyPath: m_AnchoredPosition.y
      value: 0
      objectReference: {fileID: 0}
    - target: {fileID: 2215869981097875151, guid: c1f7c1cd3346b004d9a9e4c44d1c0100,
        type: 3}
      propertyPath: m_IsActive
      value: 1
      objectReference: {fileID: 0}
    m_RemovedComponents: []
  m_SourcePrefab: {fileID: 100100000, guid: c1f7c1cd3346b004d9a9e4c44d1c0100, type: 3}
--- !u!224 &1053793612971297522 stripped
RectTransform:
  m_CorrespondingSourceObject: {fileID: 2215869980276553151, guid: c1f7c1cd3346b004d9a9e4c44d1c0100,
    type: 3}
  m_PrefabInstance: {fileID: 1179813037564968781}
  m_PrefabAsset: {fileID: 0}
--- !u!114 &1053793612971297523 stripped
MonoBehaviour:
  m_CorrespondingSourceObject: {fileID: 2215869980276553150, guid: c1f7c1cd3346b004d9a9e4c44d1c0100,
    type: 3}
  m_PrefabInstance: {fileID: 1179813037564968781}
  m_PrefabAsset: {fileID: 0}
  m_GameObject: {fileID: 0}
  m_Enabled: 1
  m_EditorHideFlags: 0
  m_Script: {fileID: 11500000, guid: 8c64211c7dd96ed4c9a7f3879dba0bbb, type: 3}
  m_Name: 
  m_EditorClassIdentifier: 
